@article{Larsen2017,
	doi = {10.1088/1361-648x/aa680e},
	url = {https://doi.org/10.1088/1361-648x/aa680e},
	year = 2017,
	month = {jun},
	publisher = {{IOP} Publishing},
	volume = {29},
	number = {27},
	pages = {273002},
	author = {Ask Hjorth Larsen and Jens J{\o}rgen Mortensen and Jakob Blomqvist and Ivano E Castelli and Rune Christensen and Marcin Du{\l}ak and Jesper Friis and Michael N Groves and Bj{\o}rk Hammer and Cory Hargus and Eric D Hermes and Paul C Jennings and Peter Bjerre Jensen and James Kermode and John R Kitchin and Esben Leonhard Kolsbjerg and Joseph Kubal and Kristen Kaasbjerg and Steen Lysgaard and J{\'{o}}n Bergmann Maronsson and Tristan Maxson and Thomas Olsen and Lars Pastewka and Andrew Peterson and Carsten Rostgaard and Jakob Schi{\o}tz and Ole Sch√ºtt and Mikkel Strange and Kristian S Thygesen and Tejs Vegge and Lasse Vilhelmsen and Michael Walter and Zhenhua Zeng and Karsten W Jacobsen},
	title = {The atomic simulation environment - a {Python} library for working with atoms},
	journal = {J. Phys. Condens. Matter}
}

@article{AtomMan,
  author = {Lucas Hale},
  year = {2022},
  url = {https://github.com/usnistgov/atomman}
}


@ARTICLE{Stukowski2009,
  title     = "Visualization and analysis of atomistic simulation data with
               {OVITO--the} Open Visualization Tool",
  author    = "Stukowski, Alexander",
  journal   = "Modell. Simul. Mater. Sci. Eng.",
  publisher = "IOP Publishing",
  volume    =  18,
  number    =  1,
  pages     = "015012",
  month     =  dec,
  year      =  2009,
  language  = "en",
  issn      = "0965-0393",
  doi       = "10.1088/0965-0393/18/1/015012"
}


@ARTICLE{Bernstein2009,
  title    = "Hybrid atomistic simulation methods for materials systems",
  author   = "Bernstein, Noam and Kermode, J R and Cs{\'a}nyi, G",
  journal  = "Rep. Prog. Phys.",
  volume   =  72,
  number   =  2,
  pages    = "026501",
  year     =  2009,
  issn     = "0034-4885",
  doi      = "10.1088/0034-4885/72/2/026501"
}

@ARTICLE{Musil2019,
  title    = "Fast and Accurate Uncertainty Estimation in Chemical Machine
              Learning",
  author   = "Musil, F{\'e}lix and Willatt, Michael J and Langovoy, Mikhail A
              and Ceriotti, Michele",
  journal  = "J. Chem. Theory Comput.",
  volume   =  15,
  number   =  2,
  pages    = "906--915",
  month    =  feb,
  year     =  2019,
  language = "en",
  issn     = "1549-9618, 1549-9626",
  pmid     = "30605342",
  doi      = "10.1021/acs.jctc.8b00959"
}


@ARTICLE{Golebiowski2018,
  title     = "Multiscale simulations of critical interfacial failure in carbon
               nanotube-polymer composites",
  author    = "Go{\l}{\k e}biowski, Jacek R and Kermode, James R and Mostofi,
               Arash A and Haynes, Peter D",
  journal   = "J. Chem. Phys.",
  publisher = "American Institute of Physics",
  volume    =  149,
  number    =  22,
  pages     = "224102",
  month     =  dec,
  year      =  2018,
  issn      = "0021-9606",
  doi       = "10.1063/1.5035508"
}


@ARTICLE{Golebiowski2020,
  title    = "Atomistic {QM/MM} simulations of the strength of covalent
              interfaces in carbon nanotube-polymer composites",
  author   = "Go{\l}{\k e}biowski, Jacek R and Kermode, James R and Haynes,
              Peter D and Mostofi, Arash A",
  journal  = "Phys. Chem. Chem. Phys.",
  month    =  may,
  year     =  2020,
  volume    =  22,
  number    =  21,
  pages     = "12007-12014",
  language = "en",
  issn     = "1463-9076, 1463-9084",
  pmid     = "32421117",
  doi      = "10.1039/d0cp01841d"
}


@article{Grigorev2020,
  title = {Hybrid quantum/classical study of hydrogen-decorated screw dislocations in tungsten: Ultrafast pipe diffusion, core reconstruction, and effects on glide mechanism},
  author = {Grigorev, Petr and Swinburne, Thomas D. and Kermode, James R.},
  journal = {Phys. Rev. Mater.},
  volume = {4},
  number = {2},
  pages = {023601},
  numpages = {10},
  year = {2020},
  month = {Feb},
  publisher = {American Physical Society},
  doi = {10.1103/PhysRevMaterials.4.023601},
  url = {https://link.aps.org/doi/10.1103/PhysRevMaterials.4.023601}
}

@article{Grigorev2023,
title = {Calculation of dislocation binding to helium-vacancy defects in tungsten using hybrid ab initio-machine learning methods},
journal = {Acta Mater.},
volume = {247},
pages = {118734},
year = {2023},
issn = {1359-6454},
doi = {10.1016/j.actamat.2023.118734},
author = {Petr Grigorev and Alexandra M. Goryaeva and Mihai-Cosmin Marinica and James R. Kermode and Thomas D. Swinburne}
}

@article{Pastewka2010,
  doi = {10.1007/s11249-009-9566-8},
  year = {2010},
  month = jan,
  publisher = {Springer Science and Business Media {LLC}},
  volume = {39},
  pages = {49--61},
  author = {Lars Pastewka and Stefan Moser and Michael Moseler},
  title = {Atomistic Insights into the Running-in,  Lubrication,  and Failure of Hydrogenated Diamond-Like Carbon Coatings},
  journal = {Tribol. Lett.}
}

@article{StillingerWeber1985,
  title={Computer simulation of local order in condensed phases of silicon},
  author={Stillinger, Frank H and Weber, Thomas A},
  journal={Phys. Rev. B},
  volume={31},
  number={8},
  pages={5262},
  year={1985},
  publisher={APS},
  doi={10.1103/PhysRevB.31.5262}
}

@article{Kumagai2007,
  title={Development of bond-order potentials that can reproduce the elastic constants and melting point of silicon for classical molecular dynamics simulation},
  author={Kumagai, T and Izumi, S and Hara, S and Sakai, S},
  journal={Comp. Mater. Sci.},
  volume={39},
  number={2},
  pages={457--464},
  year={2007},
  publisher={Elsevier},
  doi={10.1016/j.commatsci.2006.07.013}
}

@article{Tersoff1986,
	title = {New Empirical Model for the Structural Properties of Silicon},
	volume = {56},
	issn = {0031-9007},
	number = {6},
	journal = {Phys. Rev. Lett.},
	author = {Tersoff, J},
	year = {1986},
	pages = {632--635},
	doi = {10.1103/PhysRevLett.56.632}
}

@article{Tersoff1989,
  title={Modeling solid-state chemistry: Interatomic potentials for multicomponent systems},
  volume = {39},
  number = {8},
  author={Tersoff, J},
  journal={Phys. Rev. B},
  pages={5566(R)},
  year={1989},
  publisher={APS},
  doi={10.1103/PhysRevB.39.5566}
}

@article{Brenner1990,
	title = {Empirical potential for hydrocarbons for use in simulating chemical vapor deposition of diamond films},
	volume = {42},
	number = {15},
	journal = {Phys. Rev. B},
	author = {Brenner, Donald W.},
	year = {1990},
	pages = {9458--9471},
	doi = {10.1103/PhysRevB.42.9458},
}

@article{BKS1990,
  title={Force fields for silicas and aluminophosphates based on ab initio calculations},
  author={Van Beest, BWH and Kramer, Gert Jan and Van Santen, RA},
  journal={Phys. Rev. Lett.},
  volume={64},
  number={16},
  pages={1955},
  year={1990},
  publisher={APS},
  doi={10.1103/PhysRevLett.64.1955}
}

@article{Lennard1931,
  title={Cohesion},
  author={Lennard-Jones, John E},
  journal={Proc. Phys. Soc.},
  volume={43},
  number={5},
  pages={461-482},
  year={1931},
  publisher={IOP Publishing},
  doi={10.1088/0959-5309/43/5/301}
}

@ARTICLE{Sih1965,
  title   = "On cracks in rectilinearly anisotropic bodies",
  author  = "Sih, G C and Paris, P C and Irwin, G R",
  journal = "Int. J. Fract. Mech.",
  volume  =  1,
  number  =  3,
  pages   = "189--203",
  month   =  sep,
  year    =  1965,
  issn    = "0020-7268",
  doi     = "10.1007/BF00186854"
}

@ARTICLE{Sinclair1975,
  title   = "The Influence of the Interatomic Force Law and of Kinks on the
             Propagation of Brittle Cracks",
  author  = "Sinclair, J E",
  journal = "Philos. Mag.",
  volume  =  31,
  number = {3},
  pages   = "647--671",
  year    =  1975,
  issn    = "1478-6435",
  doi     = "10.1080/14786437508226544"
}

@ARTICLE{Kermode2015,
  title     = "Low Speed Crack Propagation via Kink Formation and Advance on
               the Silicon (110) Cleavage Plane",
  author    = "Kermode, James R and Gleizer, Anna and Kovel, Guy and Pastewka,
               Lars and Cs{\'a}nyi, G{\'a}bor and Sherman, Dov and De Vita,
               Alessandro",
  journal   = "Phys. Rev. Lett.",
  publisher = "American Physical Society",
  volume    =  115,
  number    =  13,
  pages     = "135501",
  month     =  sep,
  year      =  2015,
  issn      = "0031-9007",
  doi       = "10.1103/PhysRevLett.115.135501"
}


@ARTICLE{Buze2021,
  title     = "Numerical-continuation-enhanced flexible boundary condition
               scheme applied to {mode-I} and {mode-III} fracture",
  author    = "Buze, Maciej and Kermode, James R",
  journal   = "Phys. Rev. E",
  publisher = "American Physical Society",
  volume    =  103,
  number    =  3,
  pages     = "033002",
  month     =  mar,
  year      =  2021,
  doi       = "10.1103/PhysRevE.103.033002"
}

@article{Martinez2009,
  title = {{PACKMOL}: A Package for Building Initial Configurations for Molecular Dynamics Simulations},
  author = {Martinez, L. and Andrade, R and Birgin, E G and Mart{\'i}nez, J M},
  year = {2009},
  journal = {J. Comput. Chem.},
  volume = {30},
  number = {13},
  pages = {2157--2164},
  doi = {10.1002/jcc.21224},
  arxiv = {NIHMS150003},
  issn = {1096-987X},
  pmid = {20928852},
  keywords = {initial configuration,MD,micelle},
  annotation = {02301},
}

@book{Selberherr1984,
  title = {Analysis and simulation of semiconductor devices},
  author = {Selberherr, Siegfried},
  year = {1984},
  publisher = {Springer Science \& Business Media},
  doi = {10.1007/978-3-7091-8752-4}
}

@article{Seidl2021,
  title = {Molecular Simulations of Electrotunable Lubrication: Viscosity and Wall Slip in Aqueous Electrolytes},
  author = {Seidl, Christian and H{\"o}rmann, Johannes L. and Pastewka, Lars},
  year = {2021},
  month = jan,
  journal = {Tribol. Lett.},
  volume = {69},
  pages = {22},
  issn = {1573-2711},
  doi = {10.1007/s11249-020-01395-6}
}

@article{Bazant2006,
  title = {Current-Voltage Relations for Electrochemical Thin Films},
  author = {Bazant, Martin Z. and Chu, Kevin T. and Bayly, B. J.},
  year = {2006},
  volume = {65},
  number = {5},
  pages = {1463-1484},
  month = jul,
  journal = {SIAM J. Appl. Math.},
  publisher = {{Society for Industrial and Applied Mathematics}},
  doi = {10.1137/040609938}
}

@ARTICLE{Jorgensen1996,
  title     = "Development and Testing of the OPLS All-Atom Force Field on
               Conformational Energetics and Properties of Organic Liquids",
  author    = "Jorgensen, William L. and Maxwell, David S. and
               Tirado-Rives, Julian",
  journal   = "J. Am. Chem. Soc.",
  volume    =  118,
  number    =  45,
  pages     = "11225-11236",
  year      =  1996,
  doi       = "10.1021/ja9621760"
}

@ARTICLE{Thompson2022,
  title     = "LAMMPS - a flexible simulation tool for particle-based
               materials modeling at the atomic, meso, and continuum scale",
  author    = "Thompson, Aidan P. and Aktulga, H. Metin and Berger, Richard
               and Bolintineanu, Dan S. and Brown, W. Michael and
               Crozier, Paul S. and {in 't Veld}, Pieter J. and Kohlmeyer, Axel
               and Moore, Stan G. and Nguyen, Trung Dac and Shan, Ray and
               Stevens, Mark J. and Tranchida, Julien and Trott, Christian
               and Plimpton, Steven J.",
  journal   = "Comp. Phys. Commun.",
  volume    =  271,
  pages     = "108171",
  year      =  2022,
  doi       = "10.1016/j.cpc.2021.108171"
}

@ARTICLE{Mayrhofer2016,
  title     = "Fluorine-Terminated Diamond Surfaces as Dense Dipole Lattices:
               The Electrostatic Origin of Polar Hydrophobicity",
  author    = "Mayrhofer, Leonhard and Moras, Gianpietro and
               Mulakaluri, Narasimham and Rajagopalan, Srinivasan and
               Stevens, Paul A. and Moseler, Michael",
  journal   = "J. Am. Chem. Soc.",
  volume    =  138,
  number = {12},
  pages     = "4018-4028",
  year      =  2016,
  doi       = "10.1021/jacs.5b04073"
}

@ARTICLE{Falk2020,
  title     = "Nonempirical Free Volume Viscosity Model for Alkane Lubricants
               under Severe Pressures",
  author    = "Falk, Kerstin and Savio, Daniele and Moseler, Michael",
  journal   = "Phys. Rev. Lett.",
  volume    =  124,
  number = {10},
  pages     = "105501",
  year      =  2020,
  doi       = "10.1103/PhysRevLett.124.105501"
}

@ARTICLE{Reichenbach2020,
  title     = "Steric Effects Control Dry Friction of H- and F-Terminated
               Carbon Surfaces",
  author    = "Reichenbach, Thomas and Mayrhofer, Leonhard and
               Kuwahara, Takuya and Moseler, Michael and Moras, Gianpietro",
  journal   = "ACS Appl. Mater. Interf.",
  volume    =  12,
  number = {7},
  pages     = "8805-8816",
  year      =  2020,
  doi       = "10.1021/acsami.9b18019"
}

@ARTICLE{vonGoeldel2021,
  title     = "A Combined Experimental and Atomistic Investigation of PTFE
               Double Transfer Film Formation and Lubrication in Rolling
               Point Contacts",
  author    = "von Goeldel, Stephan and Reichenbach, Thomas and
               Konig, Florian and Mayrhofer, Leonhard and
               Moras, Gianpietro and Jacobs, Georg and
               Moseler, Michael",
  journal   = "Tribol. Lett.",
  volume    =  69,
  pages     = "136",
  year      =  2021,
  doi       = "10.1007/s11249-021-01508-9"
}

@ARTICLE{Falk2022,
  title     = "Relating Dry Friction to Interdigitation of Surface
               Passivation Species: A Molecular Dynamics Study on Amorphous
               Carbon",
  author    = "Falk, Kerstin and Reichenbach, Thomas and Gkagkas, Konstantinos
               and Moseler, Michael and Moras, Gianpietro",
  journal   = "Materials",
  volume    =  15,
  number    =  9,
  pages     = "3247",
  year      =  2022,
  doi       = "10.3390/ma15093247"
}

@book{LoggMardalEtAl2012,
  title = {Automated Solution of Differential Equations by the Finite Element Method},
  author = {Anders Logg and Kent-Andre Mardal and Garth N. Wells and others},
  editor = {Anders Logg and Kent-Andre Mardal and Garth N. Wells},
  year = {2012},
  publisher = {Springer},
  doi = {10.1007/978-3-642-23099-8},
  isbn = {978-3-642-23098-1},
}

@ARTICLE{Griesser2023glass,
  title     = "Yielding under compression and the polyamorphic transition in
               silicon",
  author    = "Grie{\ss}er, Jan and Moras, Gianpietro and Pastewka, Lars",
  journal   = "Phys. Rev. Mater.",
  publisher = "American Physical Society",
  volume    =  7,
  number    =  5,
  pages     = "055601",
  month     =  may,
  year      =  2023,
  doi       = "10.1103/PhysRevMaterials.7.055601"
}

@ARTICLE{Griesser2023crystal,
  title         = "Analytic elastic constants in molecular calculations: Finite
                   strain, non-affine displacements, and many-body interatomic
                   potentials",
  author        = "Grie{\ss}er, Jan and Fr{\'e}rot, Lucas and Oldenstaedt,
                   Jonas A and M{\"u}ser, Martin H and Pastewka, Lars",
  year          =  2023,
  journal       = "Phys. Rev. Mater.",
  volume        = 7,
  number        = 7,
  pages         = "073603",
  doi           = "10.1103/PhysRevMaterials.7.073603"
}

@ARTICLE{Miller2009,
  title   = "A unified framework and performance benchmark of fourteen
             multiscale atomistic/continuum coupling methods",
  author  = "Miller, Ronald E and Tadmor, Ellad B",
  journal = "Modell. Simul. Mater. Sci. Eng.",
  volume  =  17,
  number  =  5,
  pages   = "053001",
  month   =  jul,
  year    =  2009,
  doi     =  "10.1088/0965-0393/17/5/053001"
}

@ARTICLE{Anciaux2018,
  title    = "The Coupled Atomistic/Discrete-Dislocation method in 3d part {I}:
              Concept and algorithms",
  author   = "Anciaux, G and Junge, T and Hodapp, M and Cho, J and Molinari,
              J-F and Curtin, W A",
  journal  = "J. Mech. Phys. Solids",
  volume   =  118,
  pages    = "152-171",
  month    =  sep,
  year     =  2018,
  doi      =  "10.1016/j.jmps.2018.05.004"
}

@phdthesis{Anciaux2007,
  TITLE = {{Simulation multi-{\'e}chelles des solides par une approche coupl{\'e}e dynamique mol{\'e}culaire/{\'e}l{\'e}ments finis. De la mod{\'e}lisation {\`a} la simulation haute performance.}},
  AUTHOR = {Anciaux, Guillaume},
  URL = {https://theses.hal.science/tel-00263816},
  SCHOOL = {{Universit{\'e} Sciences et Technologies - Bordeaux I}},
  YEAR = {2007},
  MONTH = Jul,
  KEYWORDS = {Multi-{\'e}chelles ; solides ; dynamique mol{\'e}culaire ; Bridging Method. ; Simulation multi-{\'e}chelles des solides par une approche coupl{\'e}e dynamique mol{\'e}culaire/{\'e}l{\'e}ments finis. De la mod{\'e}lisation {\`a} la simulation haute performance. ; {\'e}l{\'e}ments finis ; fissuration ; propagation d'ondes ; couplage ; calcul haute performance ; Bridging Method},
  TYPE = {Theses},
  PDF = {https://theses.hal.science/tel-00263816v3/file/These.pdf},
  HAL_ID = {tel-00263816},
  HAL_VERSION = {v3},
}

@ARTICLE{Campana2006,
  title   = "Practical Green's function approach to the simulation of elastic
             semi-infinite solids",
  author  = "Campa{\~n}{\'a}, Carlos and M{\"u}ser, Martin H",
  journal = "Phys. Rev. B",
  volume  =  74,
  number  =  7,
  pages   = "075420",
  year    =  2006,
  doi     = "10.1103/PhysRevB.74.075420"
}

@ARTICLE{Pastewka2012,
  title   = "Seamless elastic boundaries for atomistic calculations",
  author  = "Pastewka, Lars and Sharp, Tristan A and Robbins, Mark O",
  journal = "Phys. Rev. B",
  volume  =  86,
  number = {7},
  pages   = "075459",
  year    =  2012,
  doi     = "10.1103/PhysRevB.86.075459"
}

@ARTICLE{Falk1998,
  title    = "Dynamics of viscoplastic deformation in amorphous solids",
  author   = "Falk, Michael L and Langer, J S",
  journal  = "Phys. Rev. E",
  volume   =  57,
  number   =  6,
  pages    = "7192-7205",
  month    =  jun,
  year     =  1998,
  doi      = "10.1103/PhysRevE.57.7192"
}

@ARTICLE{Jana2019,
  title    = "Correlations of non-affine displacements in metallic glasses
              through the yield transition",
  author   = "Jana, Richard and Pastewka, Lars",
  journal  = "J. Phys. Mater.",
  volume   =  2,
  number = {4},
  pages    = "045006",
  month    =  jul,
  year     =  2019,
  language = "en",
  doi      = "10.1088/2515-7639/ab36ed"
}

@ARTICLE{Gola2019,
  title    = "Surface flaws control strain localization in the deformation of
              {Cu|Au} nanolaminate pillars",
  author   = "Gola, Adrien and Zhang, Guang-Ping and Pastewka, Lars and
              Schwaiger, Ruth",
  journal  = "MRS Commun.",
  volume   =  9,
  number   =  3,
  pages    = "1067-1071",
  year     =  2019,
  language = "en",
  doi      = "10.1557/mrc.2019.93"
}

@ARTICLE{Gola2020,
  title    = "Pattern formation during deformation of metallic nanolaminates",
  author   = "Gola, Adrien and Schwaiger, Ruth and Gumbsch, Peter and Pastewka,
              Lars",
  journal  = "Phys. Rev. Mater.",
  volume   =  4,
  number   =  1,
  pages    = "013603",
  month    =  jan,
  year     =  2020,
  doi      = "10.1103/PhysRevMaterials.4.013603"
}

@ARTICLE{Franzblau1991,
  title   = "Computation of ring statistics for network models of solids",
  author  = "Franzblau, Deborah S",
  journal = "Phys. Rev. B",
  volume  =  44,
  number  =  10,
  pages   = "4925-4930",
  month   =  sep,
  year    =  1991,
  doi     = "10.1103/PhysRevB.44.4925"
}

@TECHREPORT{Saad1990,
  title     = "{SPARSKIT}: A basic tool kit for sparse matrix computations",
  author    = "Saad, Youcef",
  publisher = "ntrs.nasa.gov",
  number    = "NAS 1.26:185876",
  month     =  may,
  year      =  1990
}

@ARTICLE{Pastewka2008,
  title   = "Describing bond-breaking processes by reactive potentials:
             Importance of an environment-dependent interaction range",
  author  = "Pastewka, Lars and Pou, Pablo and P{\'e}rez, Rub{\'e}n and
             Gumbsch, Peter and Moseler, Michael",
  journal = "Phys. Rev. B",
  volume  =  78,
  number  =  16,
  pages   = "161402(R)",
  year    =  2008,
  doi     = "10.1103/PhysRevB.78.161402"
}

@ARTICLE{Muser2023,
  title     = "Interatomic potentials: achievements and challenges",
  author    = "M{\"u}ser, Martin H and Sukhomlinov, Sergey V and Pastewka, Lars",
  journal   = "Adv. Phys. X",
  publisher = "Taylor \& Francis",
  volume    =  8,
  number    =  1,
  pages     = "2093129",
  month     =  jan,
  year      =  2023,
  doi       = "10.1080/23746149.2022.2093129"
}

@inproceedings{
Batatia2022mace,
title={{MACE}: Higher Order Equivariant Message Passing Neural Networks for Fast and Accurate Force Fields},
author={Ilyes Batatia and David Peter Kovacs and Gregor N. C. Simm and Christoph Ortner and Gabor Csanyi},
booktitle={Advances in Neural Information Processing Systems},
editor={Alice H. Oh and Alekh Agarwal and Danielle Belgrave and Kyunghyun Cho},
year={2022},
url={https://openreview.net/forum?id=YPpSngE-ZU}
}

@misc{Batatia2022Design,
  title = {The Design Space of {E(3)}-Equivariant Atom-Centered Interatomic Potentials},
  author = {Batatia, Ilyes and Batzner, Simon and Kov{\'a}cs, D{\'a}vid P{\'e}ter and Musaelian, Albert and Simm, Gregor N. C. and Drautz, Ralf and Ortner, Christoph and Kozinsky, Boris and Cs{\'a}nyi, G{\'a}bor},
  year = {2022},
  number = {arXiv:2205.06643},
  eprint = {2205.06643},
  eprinttype = {arxiv},
  doi = {10.48550/arXiv.2205.06643},
  archiveprefix = {arXiv}
 }

@ARTICLE{Peguiron2016-wf,
  title   = "Activation and mechanochemical breaking of {C‚àíC} bonds initiate
             wear of diamond (110) surfaces in contact with silica",
  author  = "Peguiron, Anke and Moras, Gianpietro and Walter, Michael and
             Uetsuka, Hiroshi and Pastewka, Lars and Moseler, Michael",
  journal = "Carbon",
  volume  =  98,
  pages   = "474-483",
  year    =  2016,
  doi     = "10.1016/j.carbon.2015.10.098"
}

@ARTICLE{Moras2018-lm,
  title   = "Shear melting of silicon and diamond and the disappearance of the
             polyamorphic transition under shear",
  author  = "Moras, G. and Klemenz, Andreas and Reichenbach, Thomas and
             Gola, Adrien and Uetsuka, Hiroshi and Moseler, Michael and
             Pastewka, Lars",
  journal = "Phys. Rev. Mater.",
  volume  =  2,
  number  =  8,
  pages   = "083601",
  month   =  aug,
  year    =  2018,
  doi     = "10.1103/PhysRevMaterials.2.083601"
}

@ARTICLE{Reichenbach2021-pi,
  title    = "Solid-Phase Silicon Homoepitaxy via Shear-Induced
              Amorphization and Recrystallization",
  author   = "Reichenbach, Thomas and Moras, Gianpietro and Pastewka, Lars and
              Moseler, Michael",
  journal  = "Phys. Rev. Lett.",
  volume   =  127,
  number   =  12,
  pages    = "126101",
  month    =  sep,
  year     =  2021,
  language = "en",
  doi      = "10.1103/PhysRevLett.127.126101"
}

@ARTICLE{Moras2011-my,
  title     = "Formation and oxidation of linear carbon chains and their role
               in the wear of carbon materials",
  author    = "Moras, G and Pastewka, L and Gumbsch, P and Moseler, M",
  journal   = "Tribol. Lett.",
  volume   =  44,
  pages    = "355",
  publisher = "Springer",
  year      =  2011,
  doi       = "10.1007/s11249-011-9864-9"
}

@ARTICLE{Pastewka2011-rd,
  title   = "Anisotropic mechanical amorphization drives wear in diamond",
  author  = "Pastewka, Lars and Moser, Stefan and Gumbsch, Peter and Moseler,
             Michael",
  journal = "Nat. Mater.",
  volume  =  10,
  number  =  1,
  pages   = "34-38",
  month   =  nov,
  year    =  2011,
  doi     = "10.1038/nmat2902"
}

@ARTICLE{Hormann2023-ml,
  title    = "Molecular simulations of sliding on {SDS} surfactant films",
  author   = "H{\"o}rmann, Johannes L and Liu, Chenxu and Meng, Yonggang and
              Pastewka, Lars",
  journal  = "J. Chem. Phys.",
  volume   =  158,
  number   =  24,
  month    =  jun,
  year     =  2023,
  language = "en",
  doi      = "10.1063/5.0153397"
}

@ARTICLE{Harris2020-it,
  title    = "Array programming with {NumPy}",
  author   = "Harris, Charles R and Millman, K Jarrod and van der Walt,
              St{\'e}fan J and Gommers, Ralf and Virtanen, Pauli and
              Cournapeau, David and Wieser, Eric and Taylor, Julian and Berg,
              Sebastian and Smith, Nathaniel J and Kern, Robert and Picus,
              Matti and Hoyer, Stephan and van Kerkwijk, Marten H and Brett,
              Matthew and Haldane, Allan and del R{\'\i}o, Jaime Fern{\'a}ndez
              and Wiebe, Mark and Peterson, Pearu and G{\'e}rard-Marchant,
              Pierre and Sheppard, Kevin and Reddy, Tyler and Weckesser, Warren
              and Abbasi, Hameer and Gohlke, Christoph and Oliphant, Travis E",
  journal  = "Nature",
  volume   =  585,
  number   =  7825,
  pages    = "357-362",
  month    =  sep,
  year     =  2020,
  language = "en",
  doi      = "10.1038/s41586-020-2649-2"
}

@ARTICLE{Virtanen2020-tq,
  title    = "{SciPy} 1.0: fundamental algorithms for scientific computing in
              {Python}",
  author   = "Virtanen, Pauli and Gommers, Ralf and Oliphant, Travis E and
              Haberland, Matt and Reddy, Tyler and Cournapeau, David and
              Burovski, Evgeni and Peterson, Pearu and Weckesser, Warren and
              Bright, Jonathan and van der Walt, St{\'e}fan J and Brett,
              Matthew and Wilson, Joshua and Millman, K Jarrod and Mayorov,
              Nikolay and Nelson, Andrew R J and Jones, Eric and Kern, Robert
              and Larson, Eric and Carey, C J and Polat, {\.I}lhan and Feng, Yu
              and Moore, Eric W and VanderPlas, Jake and Laxalde, Denis and
              Perktold, Josef and Cimrman, Robert and Henriksen, Ian and
              Quintero, E A and Harris, Charles R and Archibald, Anne M and
              Ribeiro, Ant{\^o}nio H and Pedregosa, Fabian and van Mulbregt,
              Paul and {SciPy 1.0 Contributors} and Vijaykumar, Aditya and
              Bardelli, Alessandro Pietro and Rothberg, Alex and Hilboll,
              Andreas and Kloeckner, Andreas and Scopatz, Anthony and Lee,
              Antony and Rokem, Ariel and Woods, C Nathan and Fulton, Chad and
              Masson, Charles and H{\"a}ggstr{\"o}m, Christian and Fitzgerald,
              Clark and Nicholson, David A and Hagen, David R and Pasechnik,
              Dmitrii V and Olivetti, Emanuele and Martin, Eric and Wieser,
              Eric and Silva, Fabrice and Lenders, Felix and Wilhelm, Florian
              and Young, G and Price, Gavin A and Ingold, Gert-Ludwig and
              Allen, Gregory E and Lee, Gregory R and Audren, Herv{\'e} and
              Probst, Irvin and Dietrich, J{\"o}rg P and Silterra, Jacob and
              Webber, James T and Slavi{\v c}, Janko and Nothman, Joel and
              Buchner, Johannes and Kulick, Johannes and Sch{\"o}nberger,
              Johannes L and de Miranda Cardoso, Jos{\'e} Vin{\'\i}cius and
              Reimer, Joscha and Harrington, Joseph and Rodr{\'\i}guez, Juan
              Luis Cano and Nunez-Iglesias, Juan and Kuczynski, Justin and
              Tritz, Kevin and Thoma, Martin and Newville, Matthew and
              K{\"u}mmerer, Matthias and Bolingbroke, Maximilian and Tartre,
              Michael and Pak, Mikhail and Smith, Nathaniel J and Nowaczyk,
              Nikolai and Shebanov, Nikolay and Pavlyk, Oleksandr and
              Brodtkorb, Per A and Lee, Perry and McGibbon, Robert T and
              Feldbauer, Roman and Lewis, Sam and Tygier, Sam and Sievert,
              Scott and Vigna, Sebastiano and Peterson, Stefan and More, Surhud
              and Pudlik, Tadeusz and Oshima, Takuya and Pingel, Thomas J and
              Robitaille, Thomas P and Spura, Thomas and Jones, Thouis R and
              Cera, Tim and Leslie, Tim and Zito, Tiziano and Krauss, Tom and
              Upadhyay, Utkarsh and Halchenko, Yaroslav O and
              V{\'a}zquez-Baeza, Yoshiki",
  journal  = "Nat. Methods",
  volume   =  17,
  number   =  3,
  pages    = "261-272",
  month    =  mar,
  year     =  2020,
  language = "en",
  doi      = "10.1038/s41592-019-0686-2"
}

@ARTICLE{Hirel2015-ts,
  title    = "Atomsk: A tool for manipulating and converting atomic data files",
  author   = "Hirel, Pierre",
  journal  = "Comput. Phys. Commun.",
  volume   =  197,
  pages    = "212-219",
  month    =  dec,
  year     =  2015,
  doi      = "10.1016/j.cpc.2015.07.012"
}

@article{Daw1984,
  title = {Embedded-atom method: Derivation and application to impurities, surfaces, and other defects in metals},
  author = {Daw, Murray S. and Baskes, Michael I.},
  journal = {Phys. Rev. B},
  volume = {29},
  number = {12},
  pages = {6443-6453},
  numpages = {0},
  year = {1984},
  month = {Jun},
  publisher = {American Physical Society},
  doi = {10.1103/PhysRevB.29.6443},
  url = {https://link.aps.org/doi/10.1103/PhysRevB.29.6443}
}

@article{preCICEv2,
  author = {Chourdakis, G and Davis, K and Rodenberg, B and Schulte, M and Simonis, F and Uekermann, B and Abrams, G and Bungartz, HJ and Cheung Yau, L and Desai, I and Eder, K and Hertrich, R and Lindner, F and Rusch, A and Sashko, D and Schneider, D and Totounferoush, A and Volland, D and Vollmer, P and Koseomur, OZ},
  title = {{preCICE} v2: A sustainable and user-friendly coupling library [version 2; peer review: 2 approved]
  },
  journal = {Open Research Europe},
  volume = {2},
  year = {2022},
  number = {51},
  doi = {10.12688/openreseurope.14445.2},
  url = {https://doi.org/10.12688/openreseurope.14445.2}
}

@InProceedings{Dehning2014,
  author    = "Dehning, Carsten and Bierwisch, Claas and Kraft, Torsten",
  editor    = "Griebel, Michael and Schweitzer, Marc Alexander",
  title     = "Co-simulations of Discrete and Finite Element Codes",
  booktitle = "Meshfree Methods for Partial Differential Equations VII",
  year      = "2015",
  publisher = "Springer",
  address   = "Cham",
  pages     = "61-79",
  abstract  = "This paper describes methods and algorithms implemented for the co-simulation between a mesh-free discrete element method (DEM) code and a finite element analysis (FEA) code under control of a co-simulation middleware software environment.",
  isbn      = "978-3-319-06898-5",
  doi       = "10.1007/978-3-319-06898-5_4"
}
